@TechReport{cameraModule,
author = {Jan Faigl, Tomáš Krajník, Jan Chudoba, Martin Saska, Libor Přeučil},
title = {Camera Module for Onboard Relative Localization in SWARM of robots},
institution = {The Gerstner Laboratory for Intelligent Decision Making and Control},
year = {2012},
OPTtype = {User Manual}
}
