@TechReport{cameraModule,
author = {Jan Faigl, Tomáš Krajník, Jan Chudoba, Martin Saska, Libor Přeučil},
title = {Camera Module for Onboard Relative Localization in SWARM of robots},
institution = {The Gerstner Laboratory for Intelligent Decision Making and Control},
year = {2012},
OPTtype = {User Manual}
}

@phdthesis{tomas,
  title={Model predictive control of micro aerial vehicle using onboard microcontroller},
  author={B{\'a}ca, Tom{\'a}{\v{s}}},
  year={2015},
  school={Master’s thesis, Czech technical university in Prague, Faculty of Electrical Engineering}
}

@article{hovd2004brief,
  title={A brief introduction to Model Predictive Control},
  author={Hovd, Morten},
  journal={URL= http://www. itk. ntnu. no/fag/TTK4135/viktig/MPCkompendium\% 20HOvd. pdf},
  year={2004}
}

@inproceedings{saturation,
  title={Output to Input Saturation Transformation: Demonstration and Application to Disturbed Linear Systems},
  author={Chambon, Emmanuel and Burlion, Laurent and Apkarian, Pierre},
  booktitle={54th IEEE Conference on Decision and Control},
  year={2015}
}

@book{stein1970singular,
  title={Singular integrals and differentiability properties of functions},
  author={Stein, Elias M},
  volume={2},
  year={1970},
  publisher={Princeton university press}
}

@book{chong2013introduction,
  title={An introduction to optimization},
  author={Chong, Edwin KP and Zak, Stanislaw H},
  volume={76},
  year={2013},
  publisher={John Wiley \& Sons}
}

@inproceedings{zometa2012implementation,
  title={Implementation aspects of model predictive control for embedded systems},
  author={Zometa, Pablo and Kogel, Markus and Faulwasser, Timm and Findeisen, Rolf},
  booktitle={American Control Conference (ACC), 2012},
  pages={1205--1210},
  year={2012},
  organization={IEEE}
}

@book{grunbaum1967convex,
  title={Convex polytopes},
  author={Grunbaum, Branko and Klee, Victor and Perles, Micha A and Shephard, Geoffrey Colin},
  year={1967},
  publisher={Springer}
}

@article{schittkowski1983convergence,
  title={On the convergence of a sequential quadratic programming method with an augmented lagrangian line search function 2},
  author={Schittkowski, Klaus},
  journal={Optimization},
  volume={14},
  number={2},
  pages={197--216},
  year={1983},
  publisher={Taylor \& Francis}
}